<?xml version="1.0" encoding="UTF-8"?><Document xmlns="urn:iso:std:iso:20022:tech:xsd:pain.001.001.03" xmlns:xsi="http://www.w3.org/2001/XMLSchema-instance" xsi:schemaLocation="urn:iso:std:iso:20022:tech:xsd:pain.001.001.03 pain.001.001.03.xsd"><CstmrCdtTrfInitn><GrpHdr><MsgId>M20230407141110</MsgId><CreDtTm>2023-04-07T14:11:10</CreDtTm><NbOfTxs>1</NbOfTxs><CtrlSum>3535.17</CtrlSum><InitgPty><Nm>HEL Ltd.</Nm></InitgPty></GrpHdr><PmtInf><PmtInfId>P20230407141110</PmtInfId><PmtMtd>TRF</PmtMtd><BtchBookg>true</BtchBookg><NbOfTxs>1</NbOfTxs><CtrlSum>3535.17</CtrlSum><PmtTpInf><InstrPrty>HIGH</InstrPrty><SvcLvl><Cd>SEPA</Cd></SvcLvl><CtgyPurp><Cd>SALA</Cd></CtgyPurp></PmtTpInf><ReqdExctnDt>2023-04-25</ReqdExctnDt><Dbtr><Nm>HEL Ltd.</Nm></Dbtr><DbtrAcct><Id><IBAN>DE43733700240163511901</IBAN></Id></DbtrAcct><DbtrAgt><FinInstnId><BIC>DEUTDEDB733</BIC></FinInstnId></DbtrAgt><ChrgBr>SLEV</ChrgBr><CdtTrfTxInf><PmtId><EndToEndId>1874593</EndToEndId></PmtId><Amt><InstdAmt Ccy="EUR">3535.17</InstdAmt></Amt><CdtrAgt><FinInstnId><BIC>COBADEBBXXX</BIC></FinInstnId></CdtrAgt><Cdtr><Nm>Techniker Krankenkasse</Nm></Cdtr><CdtrAcct><Id><IBAN>DE33100400000545466500</IBAN></Id></CdtrAcct><RmtInf><Ustrd>86650155 042023</Ustrd></RmtInf></CdtTrfTxInf></PmtInf></CstmrCdtTrfInitn></Document>