<?xml version="1.0" encoding="UTF-8"?><Document xmlns="urn:iso:std:iso:20022:tech:xsd:pain.001.001.03" xmlns:xsi="http://www.w3.org/2001/XMLSchema-instance" xsi:schemaLocation="urn:iso:std:iso:20022:tech:xsd:pain.001.001.03 pain.001.001.03.xsd"><CstmrCdtTrfInitn><GrpHdr><MsgId>M20230407141110</MsgId><CreDtTm>2023-04-07T14:11:10</CreDtTm><NbOfTxs>2</NbOfTxs><CtrlSum>8424.37</CtrlSum><InitgPty><Nm>HEL Ltd.</Nm></InitgPty></GrpHdr><PmtInf><PmtInfId>P20230407141110</PmtInfId><PmtMtd>TRF</PmtMtd><BtchBookg>true</BtchBookg><NbOfTxs>2</NbOfTxs><CtrlSum>8424.37</CtrlSum><PmtTpInf><InstrPrty>HIGH</InstrPrty><SvcLvl><Cd>SEPA</Cd></SvcLvl><CtgyPurp><Cd>SALA</Cd></CtgyPurp></PmtTpInf><ReqdExctnDt>2023-04-25</ReqdExctnDt><Dbtr><Nm>HEL Ltd.</Nm></Dbtr><DbtrAcct><Id><IBAN>DE43733700240163511901</IBAN></Id></DbtrAcct><DbtrAgt><FinInstnId><BIC>DEUTDEDB733</BIC></FinInstnId></DbtrAgt><ChrgBr>SLEV</ChrgBr><CdtTrfTxInf><PmtId><EndToEndId>1874594</EndToEndId></PmtId><Amt><InstdAmt Ccy="EUR">2601.55</InstdAmt></Amt><CdtrAgt><FinInstnId><BIC>GENODEF1VBD</BIC></FinInstnId></CdtrAgt><Cdtr><Nm>Lars Heidenreich</Nm></Cdtr><CdtrAcct><Id><IBAN>DE43508900000060486107</IBAN></Id></CdtrAcct><Purp><Cd>SALA</Cd></Purp><RmtInf><Ustrd>Lohn-/Gehaltzahlung 4/2023</Ustrd></RmtInf></CdtTrfTxInf><CdtTrfTxInf><PmtId><EndToEndId>1874595</EndToEndId></PmtId><Amt><InstdAmt Ccy="EUR">5822.82</InstdAmt></Amt><CdtrAgt><FinInstnId><BIC>PBNKDEFFXXX</BIC></FinInstnId></CdtrAgt><Cdtr><Nm>Reinhard Eser</Nm></Cdtr><CdtrAcct><Id><IBAN>DE84760100850344467858</IBAN></Id></CdtrAcct><Purp><Cd>SALA</Cd></Purp><RmtInf><Ustrd>Lohn-/Gehaltzahlung 4/2023</Ustrd></RmtInf></CdtTrfTxInf></PmtInf></CstmrCdtTrfInitn></Document>