<?xml version="1.0" encoding="UTF-8"?><Document xmlns="urn:iso:std:iso:20022:tech:xsd:pain.001.001.03" xmlns:xsi="http://www.w3.org/2001/XMLSchema-instance" xsi:schemaLocation="urn:iso:std:iso:20022:tech:xsd:pain.001.001.03 pain.001.001.03.xsd"><CstmrCdtTrfInitn><GrpHdr><MsgId>M20230407141110</MsgId><CreDtTm>2023-04-07T14:11:10</CreDtTm><NbOfTxs>1</NbOfTxs><CtrlSum>1842.74</CtrlSum><InitgPty><Nm>HEL Ltd.</Nm></InitgPty></GrpHdr><PmtInf><PmtInfId>P20230407141110</PmtInfId><PmtMtd>TRF</PmtMtd><BtchBookg>true</BtchBookg><NbOfTxs>1</NbOfTxs><CtrlSum>1842.74</CtrlSum><PmtTpInf><InstrPrty>HIGH</InstrPrty><SvcLvl><Cd>SEPA</Cd></SvcLvl><CtgyPurp><Cd>SALA</Cd></CtgyPurp></PmtTpInf><ReqdExctnDt>2023-04-07</ReqdExctnDt><Dbtr><Nm>HEL Ltd.</Nm></Dbtr><DbtrAcct><Id><IBAN>DE43733700240163511901</IBAN></Id></DbtrAcct><DbtrAgt><FinInstnId><BIC>DEUTDEDB733</BIC></FinInstnId></DbtrAgt><ChrgBr>SLEV</ChrgBr><CdtTrfTxInf><PmtId><EndToEndId>1874596</EndToEndId></PmtId><Amt><InstdAmt Ccy="EUR">1842.74</InstdAmt></Amt><CdtrAgt><FinInstnId><BIC>PBNKDEFF100</BIC></FinInstnId></CdtrAgt><Cdtr><Nm>Finanzamt Wedding</Nm></Cdtr><CdtrAcct><Id><IBAN>DE09100100100691555100</IBAN></Id></CdtrAcct><RmtInf><Ustrd>23/680/66777, 4/2023, LSt</Ustrd></RmtInf></CdtTrfTxInf></PmtInf></CstmrCdtTrfInitn></Document>